@book{abate2011geometria,
	AUTHOR = {Abate, Marco and Tovena, Francesca},
	TITLE = {Geometria differenziale},
	SERIES = {Unitext},
	VOLUME = {54},
	NOTE = {La Matematica per il 3+2},
	PUBLISHER = {Springer, Milan},
	YEAR = {2011},
	MRCLASS = {53-01 (58-01)},
	MRNUMBER = {3237611},
	MRREVIEWER = {Maria\ Falcitelli},
	DOI = {10.1007/978-88-470-1920-1},
	URL = {https://doi.org/10.1007/978-88-470-1920-1},
	}

@book{ambrosetti1995primer,
	AUTHOR = {Ambrosetti, Antonio and Prodi, Giovanni},
	TITLE = {A primer of nonlinear analysis},
	SERIES = {Cambridge Studies in Advanced Mathematics},
	VOLUME = {34},
	NOTE = {Corrected reprint of the 1993 original},
	PUBLISHER = {Cambridge University Press, Cambridge},
	YEAR = {1995},
	MRCLASS = {58C15 (35J60 46N20 47H15 47N20 58E07)},
	MRNUMBER = {1336591},
	}

@book{ambrosetti2007nonlinear,
	AUTHOR = {Ambrosetti, Antonio and Malchiodi, Andrea},
	TITLE = {Nonlinear analysis and semilinear elliptic problems},
	SERIES = {Cambridge Studies in Advanced Mathematics},
	VOLUME = {104},
	PUBLISHER = {Cambridge University Press, Cambridge},
	YEAR = {2007},
	MRCLASS = {35J60 (35J20 47J15 47J30 58E05)},
	MRNUMBER = {2292344},
	MRREVIEWER = {Sergey\ G.\ Pyatkov},
	DOI = {10.1017/CBO9780511618260},
	URL = {https://doi.org/10.1017/CBO9780511618260},
	}

@book{brezis2011functional,
	AUTHOR = {Brezis, Haim},
	TITLE = {Functional analysis, {S}obolev spaces and partial differential
	equations},
	SERIES = {Universitext},
	PUBLISHER = {Springer, New York},
	YEAR = {2011},
	ISBN = {978-0-387-70913-0},
	MRCLASS = {35-01 (46-01 46E35 46N20 47F05)},
	MRNUMBER = {2759829},
	MRREVIEWER = {Vicen\c tiu\ D.\ R\u adulescu},
	}

@book{hatcher2000algebraic,
	AUTHOR = {Hatcher, Allen},
	TITLE = {Algebraic topology},
	PUBLISHER = {Cambridge University Press, Cambridge},
	YEAR = {2002},
	MRCLASS = {55-01 (55-00)},
	MRNUMBER = {1867354},
	MRREVIEWER = {Donald\ W.\ Kahn},
	}

@book{klingenberg2012lectures,
	AUTHOR = {Klingenberg, Wilhelm P. A.},
	TITLE = {Lectures on closed geodesics},
	SERIES = {Grundlehren der Mathematischen Wissenschaften},
	VOLUME = {Vol. 230},
	PUBLISHER = {Springer-Verlag, Berlin-New York},
	YEAR = {1978},
	ISBN = {3-540-08393-6},
	MRCLASS = {53C20 (58E10)},
	MRNUMBER = {478069},
	MRREVIEWER = {Y.\ Mut\^o},
	}

@book{klingenberg1995riemannian,
	AUTHOR = {Klingenberg, Wilhelm P. A.},
	TITLE = {Riemannian geometry},
	SERIES = {De Gruyter Studies in Mathematics},
	VOLUME = {1},
	EDITION = {Second},
	PUBLISHER = {Walter de Gruyter \& Co., Berlin},
	YEAR = {1995},
	ISBN = {3-11-014593-6},
	MRCLASS = {53-02 (53Cxx)},
	MRNUMBER = {1330918},
	DOI = {10.1515/9783110905120},
	URL = {https://doi.org/10.1515/9783110905120},
	}

@book{lang2001fundamentals,
	AUTHOR = {Lang, Serge},
	TITLE = {Fundamentals of differential geometry},
	SERIES = {Graduate Texts in Mathematics},
	VOLUME = {191},
	PUBLISHER = {Springer-Verlag, New York},
	YEAR = {1999},
	ISBN = {0-387-98593-X},
	MRCLASS = {53-01 (58-01)},
	MRNUMBER = {1666820},
	MRREVIEWER = {Man\ Chun\ Leung},
	DOI = {10.1007/978-1-4612-0541-8},
	URL = {https://doi.org/10.1007/978-1-4612-0541-8},
	}

@book{lee1997riemannian,
	AUTHOR = {Lee, John M.},
	TITLE = {Riemannian manifolds},
	SERIES = {Graduate Texts in Mathematics},
	VOLUME = {176},
	NOTE = {An introduction to curvature},
	PUBLISHER = {Springer-Verlag, New York},
	YEAR = {1997},
	ISBN = {0-387-98271-X},
	MRCLASS = {53-01 (53C21)},
	MRNUMBER = {1468735},
	MRREVIEWER = {Man\ Chun\ Leung},
	DOI = {10.1007/b98852},
	URL = {https://doi.org/10.1007/b98852},
	}

@book{lee2012smooth,
	AUTHOR = {Lee, John M.},
	TITLE = {Introduction to smooth manifolds},
	SERIES = {Graduate Texts in Mathematics},
	VOLUME = {218},
	EDITION = {Second},
	PUBLISHER = {Springer, New York},
	YEAR = {2013},
	ISBN = {978-1-4419-9981-8},
	MRCLASS = {58-01 (53-01 57-01)},
	MRNUMBER = {2954043},
	}

@book{lee2010toplogical,
	AUTHOR = {Lee, John M.},
	TITLE = {Introduction to topological manifolds},
	SERIES = {Graduate Texts in Mathematics},
	VOLUME = {202},
	EDITION = {Second},
	PUBLISHER = {Springer, New York},
	YEAR = {2011},
	ISBN = {978-1-4419-7939-1},
	MRCLASS = {57-01 (54-01 55-01)},
	MRNUMBER = {2766102},
	DOI = {10.1007/978-1-4419-7940-7},
	URL = {https://doi.org/10.1007/978-1-4419-7940-7},
	}

@book{milnor1963morse,
	AUTHOR = {Milnor, John W.},
	TITLE = {Morse theory},
	SERIES = {Annals of Mathematics Studies},
	VOLUME = {No. 51},
	NOTE = {Based on lecture notes by M. Spivak and R. Wells},
	PUBLISHER = {Princeton University Press, Princeton, NJ},
	YEAR = {1963},
	MRCLASS = {57.50 (53.72)},
	MRNUMBER = {163331},
	MRREVIEWER = {H.\ I.\ Levine},
	}

@book{pitts1981existence,
	AUTHOR = {Pitts, Jon T.},
	TITLE = {Existence and regularity of minimal surfaces on {R}iemannian
	manifolds},
	SERIES = {Mathematical Notes},
	VOLUME = {27},
	PUBLISHER = {Princeton University Press, Princeton, NJ; University of Tokyo
	Press, Tokyo},
	YEAR = {1981},
	ISBN = {0-691-08290-1},
	MRCLASS = {49F22 (53C42)},
	MRNUMBER = {626027},
	MRREVIEWER = {J.\ E.\ Brothers},
	}
	
	@book{struwe2008variational,
		AUTHOR = {Struwe, Michael},
		TITLE = {Variational methods},
		VOLUME = {34},
		EDITION = {Fourth},
		NOTE = {Applications to nonlinear partial differential equations and
		Hamiltonian systems},
		PUBLISHER = {Springer-Verlag, Berlin},
		YEAR = {2008},
		MRCLASS = {49-02 (34C25 35A15 35F20 37J45 47J30 49J10 58E05)},
		MRNUMBER = {2431434},
		}

@book{walter1998ordinary,
	AUTHOR = {Walter, Wolfgang},
	TITLE = {Ordinary differential equations},
	SERIES = {Graduate Texts in Mathematics},
	VOLUME = {182},
	NOTE = {Translated from the sixth German (1996) edition by Russell
	Thompson,
	Readings in Mathematics},
	PUBLISHER = {Springer-Verlag, New York},
	YEAR = {1998},
	ISBN = {0-387-98459-3},
	MRCLASS = {34-01},
	MRNUMBER = {1629775},
	DOI = {10.1007/978-1-4612-0601-9},
	URL = {https://doi.org/10.1007/978-1-4612-0601-9},
	}

@incollection {yau1981seminar,
	AUTHOR = {Yau, Shing Tung},
	TITLE = {Survey on partial differential equations in differential
	geometry},
	BOOKTITLE = {Seminar on {D}ifferential {G}eometry},
	SERIES = {Ann. of Math. Stud.},
	VOLUME = {No. 102},
	PAGES = {3--71},
	PUBLISHER = {Princeton Univ. Press, Princeton, NJ},
	YEAR = {1982},
	ISBN = {0-691-08268-5},
	MRCLASS = {53-02 (35Jxx 53Cxx 58E20 58Gxx)},
	MRNUMBER = {645729},
	MRREVIEWER = {V.\ T.\ Fomenko},
}


@article{ambrosetti1967esistenza,
	AUTHOR = {Ambrosetti, Antonio},
	TITLE = {Un teorema di esistenza per le equazioni differenziali negli
	spazi di {B}anach},
	JOURNAL = {Rend. Sem. Mat. Univ. Padova},
	FJOURNAL = {Rendiconti del Seminario Matematico della Universit\`a{} di
	Padova. The Mathematical Journal of the University of Padova},
	VOLUME = {39},
	YEAR = {1967},
	PAGES = {349--361},
	ISSN = {0041-8994},
	MRCLASS = {34.95},
	MRNUMBER = {222426},
	MRREVIEWER = {A.\ G.\ Kartsatos},
	URL = {http://www.numdam.org/item?id=RSMUP_1967__39__349_0},
	}

@article{ambrosetti1973dual,
	AUTHOR = {Ambrosetti, Antonio and Rabinowitz, Paul H.},
	TITLE = {Dual variational methods in critical point theory and
	applications},
	JOURNAL = {J. Functional Analysis},
	FJOURNAL = {Journal of Functional Analysis},
	VOLUME = {14},
	YEAR = {1973},
	PAGES = {349--381},
	ISSN = {0022-1236},
	MRCLASS = {46G05 (35J20 58E99)},
	MRNUMBER = {370183},
	MRREVIEWER = {D.\ E.\ Edmunds},
	DOI = {10.1016/0022-1236(73)90051-7},
	URL = {https://doi.org/10.1016/0022-1236(73)90051-7},
	}

@article{birkhoff1917dynamical,
	AUTHOR = {Birkhoff, George D.},
	TITLE = {Dynamical systems with two degrees of freedom},
	JOURNAL = {Trans. Amer. Math. Soc.},
	FJOURNAL = {Transactions of the American Mathematical Society},
	VOLUME = {18},
	YEAR = {1917},
	NUMBER = {2},
	PAGES = {199--300},
	ISSN = {0002-9947,1088-6850},
	MRCLASS = {70H03 (34C25 37C27)},
	MRNUMBER = {1501070},
	DOI = {10.2307/1988861},
	URL = {https://doi.org/10.2307/1988861},
	}

@article{delellis2017masterpieces,
	AUTHOR = {De Lellis, Camillo},
	TITLE = {The masterpieces of John Forbes Nash Jr},
	JOURNAL = {The {A}bel {P}rize 2013--2017},
	EDITOR = {Holden, Helge and Piene, Ragni},
	PUBLISHER = {Springer, Cham},
	YEAR = {2019}, 
	PAGES = {391--499},
	MRCLASS = {01A70 (00-02 00A15 01A60 01A61)},
	MRNUMBER = {3930576},
	MRREVIEWER = {Krzysztof\ Ciesielski},
	}

@incollection{delellis2015size,
	AUTHOR = {De Lellis, Camillo},
	TITLE = {The size of the singular set of area-minimizing currents},
	BOOKTITLE = {Surveys in differential geometry 2016. {A}dvances in geometry
	and mathematical physics},
	SERIES = {Surv. Differ. Geom.},
	VOLUME = {21},
	PAGES = {1--83},
	PUBLISHER = {Int. Press, Somerville, MA},
	YEAR = {2016},
	MRCLASS = {49Q15 (53C42 58A20)},
	MRNUMBER = {3525093},
	MRREVIEWER = {Matteo\ Focardi},
	}
	
@incollection{eells1958geometry,
	AUTHOR = {Eells, Jr., James},
	TITLE = {On the geometry of function spaces},
	BOOKTITLE = {Symposium internacional de topolog\'ia algebraica
		{I}nternational symposium on algebraic topology},
	PAGES = {303--308},
	PUBLISHER = {Universidad Nacional Aut\'onoma de M\'exico and UNESCO,
		M\'exico},
	YEAR = {1958},
	MRCLASS = {53.00},
	MRNUMBER = {98419},
	MRREVIEWER = {R.\ Thom},
	}
	
@article{hadamard1898surfaces,
	AUTHOR = {Hadamard, Jacques},
	TITLE = {Sur la forme des lignes g\'eod\'esiques \`a{} l'infini et sur
		les g\'eod\'esiques des surfaces r\'egl\'ees du second ordre},
	JOURNAL = {Bull. Soc. Math. France},
	FJOURNAL = {Bulletin de la Soci\'et\'e{} Math\'ematique de France},
	VOLUME = {26},
	YEAR = {1898},
	PAGES = {195--216},
	ISSN = {0037-9484},
	MRCLASS = {99-04},
	MRNUMBER = {1504321},
	URL = {http://www.numdam.org/item?id=BSMF_1898__26__195_0},
	}

@article{irie2018densityminimalhypersurfacesgeneric,
	AUTHOR = {Irie, Kei and Marques, Fernando C. and Neves, Andr\'e},
	TITLE = {Density of minimal hypersurfaces for generic metrics},
	JOURNAL = {Ann. of Math. (2)},
	FJOURNAL = {Annals of Mathematics. Second Series},
	VOLUME = {187},
	YEAR = {2018},
	NUMBER = {3},
	PAGES = {963--972},
	ISSN = {0003-486X,1939-8980},
	MRCLASS = {53C42 (49Q05)},
	MRNUMBER = {3779962},
	MRREVIEWER = {Jos\'e\ Miguel\ Manzano},
	DOI = {10.4007/annals.2018.187.3.8},
	URL = {https://doi.org/10.4007/annals.2018.187.3.8},
	}

@article{liokumovich2018weyllawvolumespectrum,
	AUTHOR = {Liokumovich, Yevgeny and Marques, Fernando C. and Neves,
	Andr\'e},
	TITLE = {Weyl law for the volume spectrum},
	JOURNAL = {Ann. of Math. (2)},
	FJOURNAL = {Annals of Mathematics. Second Series},
	VOLUME = {187},
	YEAR = {2018},
	NUMBER = {3},
	PAGES = {933--961},
	ISSN = {0003-486X,1939-8980},
	MRCLASS = {53C23 (58E05 58J50)},
	MRNUMBER = {3779961},
	MRREVIEWER = {Leonid\ Friedlander},
	DOI = {10.4007/annals.2018.187.3.7},
	URL = {https://doi.org/10.4007/annals.2018.187.3.7},
	}

@article{lusternik1951variational,
	AUTHOR = {Lyusternik, Lazar A. and Fet, Abram I.},
	TITLE = {Variational problems on closed manifolds},
	JOURNAL = {Doklady Akad. Nauk SSSR (N.S.)},
	FJOURNAL = {Doklady Akad. Nauk SSSR (N.S.)},
	VOLUME = {81},
	YEAR = {1951},
	PAGES = {17--18},
	MRCLASS = {49.0X},
	MRNUMBER = {44760},
	MRREVIEWER = {L.\ C.\ Young},
	}

@article{marques2013existence,
	AUTHOR = {Marques, Fernando C. and Neves, Andr\'e},
	TITLE = {Existence of infinitely many minimal hypersurfaces in positive
	{R}icci curvature},
	JOURNAL = {Invent. Math.},
	FJOURNAL = {Inventiones Mathematicae},
	VOLUME = {209},
	YEAR = {2017},
	NUMBER = {2},
	PAGES = {577--616},
	ISSN = {0020-9910,1432-1297},
	MRCLASS = {53C42 (49Q05 53C21 58E12)},
	MRNUMBER = {3674223},
	MRREVIEWER = {Martin\ Man-Chun\ Li},
	DOI = {10.1007/s00222-017-0716-6},
	URL = {https://doi.org/10.1007/s00222-017-0716-6},
	}

@article{marques2016morseindexmultiplicityminmax,
	AUTHOR = {Marques, Fernando C. and Neves, Andr\'e},
	TITLE = {Morse index and multiplicity of min-max minimal hypersurfaces},
	JOURNAL = {Camb. J. Math.},
	FJOURNAL = {Cambridge Journal of Mathematics},
	VOLUME = {4},
	YEAR = {2016},
	NUMBER = {4},
	PAGES = {463--511},
	ISSN = {2168-0930,2168-0949},
	MRCLASS = {49J35 (58E12)},
	MRNUMBER = {3572636},
	MRREVIEWER = {Giandomenico\ Orlandi},
	DOI = {10.4310/CJM.2016.v4.n4.a2},
	URL = {https://doi.org/10.4310/CJM.2016.v4.n4.a2},
	}

@article{marques2019morseindexmultiplicityminmax,
	AUTHOR = {Marques, Fernando C. and Neves, Andr\'e},
	TITLE = {Morse index of multiplicity one min-max minimal hypersurfaces},
	JOURNAL = {Adv. Math.},
	FJOURNAL = {Advances in Mathematics},
	VOLUME = {378},
	YEAR = {2021},
	PAGES = {Paper No. 107527, 58},
	ISSN = {0001-8708,1090-2082},
	MRCLASS = {58E12},
	MRNUMBER = {4191255},
	MRREVIEWER = {Futoshi\ Takahashi},
	DOI = {10.1016/j.aim.2020.107527},
	URL = {https://doi.org/10.1016/j.aim.2020.107527},
	}
	
@article{marques2018equidistributionminimalhypersurfacesgeneric,
	AUTHOR = {Marques, Fernando C. and Neves, Andr\'e{} and Song, Antoine},
	TITLE = {Equidistribution of minimal hypersurfaces for generic metrics},
	JOURNAL = {Invent. Math.},
	FJOURNAL = {Inventiones Mathematicae},
	VOLUME = {216},
	YEAR = {2019},
	NUMBER = {2},
	PAGES = {421--443},
	ISSN = {0020-9910,1432-1297},
	MRCLASS = {53C42 (49Q05 49Q20 53A10 58D17 58E12)},
	MRNUMBER = {3953507},
	MRREVIEWER = {S.\ Timothy\ Swift},
	DOI = {10.1007/s00222-018-00850-5},
	URL = {https://doi.org/10.1007/s00222-018-00850-5},
	}

@article{nash1956imbedding,
	AUTHOR = {Nash, John F.},
	TITLE = {The imbedding problem for {R}iemannian manifolds},
	JOURNAL = {Ann. of Math. (2)},
	FJOURNAL = {Annals of Mathematics. Second Series},
	VOLUME = {63},
	YEAR = {1956},
	PAGES = {20--63},
	ISSN = {0003-486X},
	MRCLASS = {53.1X},
	MRNUMBER = {75639},
	MRREVIEWER = {J.\ Schwartz},
	DOI = {10.2307/1969989},
	URL = {https://doi.org/10.2307/1969989},
	}

@article{schoen1981regularity,
	AUTHOR = {Schoen, Richard and Simon, Leon},
	TITLE = {Regularity of stable minimal hypersurfaces},
	JOURNAL = {Comm. Pure Appl. Math.},
	FJOURNAL = {Communications on Pure and Applied Mathematics},
	VOLUME = {34},
	YEAR = {1981},
	NUMBER = {6},
	PAGES = {741--797},
	ISSN = {0010-3640,1097-0312},
	MRCLASS = {49F22 (53C42 58E15)},
	MRNUMBER = {634285},
	MRREVIEWER = {F.\ J.\ Almgren, Jr.},
	DOI = {10.1002/cpa.3160340603},
	URL = {https://doi.org/10.1002/cpa.3160340603},
	}

@article{song2023existence,
	AUTHOR = {Song, Antoine},
	TITLE = {Existence of infinitely many minimal hypersurfaces in closed
	manifolds},
	JOURNAL = {Ann. of Math. (2)},
	FJOURNAL = {Annals of Mathematics. Second Series},
	VOLUME = {197},
	YEAR = {2023},
	NUMBER = {3},
	PAGES = {859--895},
	ISSN = {0003-486X,1939-8980},
	MRCLASS = {53A10 (53C42)},
	MRNUMBER = {4564260},
	MRREVIEWER = {Thomas\ Koerber},
	DOI = {10.4007/annals.2023.197.3.1},
	URL = {https://doi.org/10.4007/annals.2023.197.3.1},
	}


